<record><leader>00000cas a22000007a 4500</leader><controlfield tag="001">16823531</controlfield><controlfield tag="008">871007d18831888ohuwr ne      0    0eng d</controlfield><datafield ind1=" " ind2=" " tag="010"><subfield code="a">sn 87075136 </subfield></datafield><datafield ind1=" " ind2=" " tag="040"><subfield code="a">ONP</subfield><subfield code="b">eng</subfield><subfield code="c">ONP</subfield><subfield code="d">OCLCQ</subfield></datafield><datafield ind1=" " ind2=" " tag="042"><subfield code="a">msc</subfield></datafield><datafield ind1="0" ind2="0" tag="245"><subfield code="a">Wellston argus.</subfield></datafield><datafield ind1=" " ind2=" " tag="260"><subfield code="a">Wellston, Ohio :</subfield><subfield code="b">[S.n]</subfield></datafield><datafield ind1=" " ind2=" " tag="310"><subfield code="a">Weekly</subfield></datafield><datafield ind1="1" ind2=" " tag="362"><subfield code="a">Began in 1883; ceased in 1888?</subfield></datafield><datafield ind1=" " ind2=" " tag="588"><subfield code="a">Description based on: Old ser. vol. 5, no. 4 (Apr. 30, 1887) = new ser., v. 2, no. 40.</subfield></datafield><datafield ind1=" " ind2=" " tag="752"><subfield code="a">United States</subfield><subfield code="b">Ohio</subfield><subfield code="c">Jackson</subfield><subfield code="d">Wellston.</subfield></datafield><datafield ind1="0" ind2="0" tag="785"><subfield code="t">Wellston sentinel (Wellston, Ohio : 1889)</subfield><subfield code="w">(DLC)sn 87075135</subfield></datafield></record>